{
  "leader": "01523cam a2200385 a 4500",
  "fields": [
    {
      "001": "ocm14188893\\"
    },
    {
      "003": "OCoLC"
    },
    {
      "005": "20220707152549.0"
    },
    {
      "008": "860819s1987\\\\\\\\maua\\\\\\\\\\b\\\\\\\\001\\0\\eng\\\\"
    },
    {
      "010": {
        "ind1": "\\",
        "ind2": "\\",
        "subfields": [
          {
            "a": "   86020953 "
          }
        ]
      }
    },
    {
      "040": {
        "ind1": "\\",
        "ind2": "\\",
        "subfields": [
          {
            "a": "DLC"
          },
          {
            "b": "eng"
          },
          {
            "c": "DLC"
          },
          {
            "d": "BAKER"
          },
          {
            "d": "YDXCP"
          },
          {
            "d": "BNY"
          },
          {
            "d": "LGG"
          },
          {
            "d": "DEBBG"
          },
          {
            "d": "BDX"
          },
          {
            "d": "OCLCO"
          },
          {
            "d": "OCLCF"
          },
          {
            "d": "OCLCQ"
          },
          {
            "d": "UKMGB"
          },
          {
            "d": "OCLCO"
          }
        ]
      }
    },
    {
      "016": {
        "ind1": "7",
        "ind2": "\\",
        "subfields": [
          {
            "a": "007777326"
          },
          {
            "2": "Uk"
          }
        ]
      }
    },
    {
      "019": {
        "ind1": "\\",
        "ind2": "\\",
        "subfields": [
          {
            "a": "59246279"
          }
        ]
      }
    },
    {
      "020": {
        "ind1": "\\",
        "ind2": "\\",
        "subfields": [
          {
            "a": "087584135X"
          },
          {
            "q": "(alk. paper)"
          }
        ]
      }
    },
    {
      "020": {
        "ind1": "\\",
        "ind2": "\\",
        "subfields": [
          {
            "a": "9780875841359"
          },
          {
            "q": "(alk. paper)"
          }
        ]
      }
    },
    {
      "035": {
        "ind1": "\\",
        "ind2": "\\",
        "subfields": [
          {
            "a": "(OCoLC)14188893"
          },
          {
            "z": "(OCoLC)59246279"
          }
        ]
      }
    },
    {
      "043": {
        "ind1": "\\",
        "ind2": "\\",
        "subfields": [
          {
            "a": "n-us-ma"
          }
        ]
      }
    },
    {
      "050": {
        "ind1": "0",
        "ind2": "0",
        "subfields": [
          {
            "a": "HF1134.H4"
          },
          {
            "b": "C78 1987"
          }
        ]
      }
    },
    {
      "082": {
        "ind1": "0",
        "ind2": "4",
        "subfields": [
          {
            "a": "650.07117444"
          },
          {
            "b": "CRU"
          }
        ]
      }
    },
    {
      "100": {
        "ind1": "1",
        "ind2": "\\",
        "subfields": [
          {
            "a": "Cruikshank, Jeffrey L."
          }
        ]
      }
    },
    {
      "245": {
        "ind1": "1",
        "ind2": "2",
        "subfields": [
          {
            "a": "A delicate experiment :"
          },
          {
            "b": "the Harvard Business School, 1908-1945 /"
          },
          {
            "c": "Jeffrey L. Cruikshank ; foreword by John H. McArthur."
          }
        ]
      }
    },
    {
      "246": {
        "ind1": "3",
        "ind2": "\\",
        "subfields": [
          {
            "a": "Harvard business school, 1908-1945"
          }
        ]
      }
    },
    {
      "260": {
        "ind1": "\\",
        "ind2": "\\",
        "subfields": [
          {
            "a": "Boston, Mass. :"
          },
          {
            "b": "Harvard Business School Press,"
          },
          {
            "c": "\u00a91987."
          }
        ]
      }
    },
    {
      "300": {
        "ind1": "\\",
        "ind2": "\\",
        "subfields": [
          {
            "a": "xi, 303 pages :"
          },
          {
            "b": "illustrations (some color) ;"
          },
          {
            "c": "33 cm"
          }
        ]
      }
    },
    {
      "336": {
        "ind1": "\\",
        "ind2": "\\",
        "subfields": [
          {
            "a": "text"
          },
          {
            "b": "txt"
          },
          {
            "2": "rdacontent"
          }
        ]
      }
    },
    {
      "337": {
        "ind1": "\\",
        "ind2": "\\",
        "subfields": [
          {
            "a": "unmediated"
          },
          {
            "b": "n"
          },
          {
            "2": "rdamedia"
          }
        ]
      }
    },
    {
      "338": {
        "ind1": "\\",
        "ind2": "\\",
        "subfields": [
          {
            "a": "volume"
          },
          {
            "b": "nc"
          },
          {
            "2": "rdacarrier"
          }
        ]
      }
    },
    {
      "504": {
        "ind1": "\\",
        "ind2": "\\",
        "subfields": [
          {
            "a": "Includes bibliographical references (pages 287-289) and index."
          }
        ]
      }
    },
    {
      "610": {
        "ind1": "2",
        "ind2": "0",
        "subfields": [
          {
            "a": "Harvard University."
          },
          {
            "b": "Graduate School of Business Administration"
          },
          {
            "x": "History."
          }
        ]
      }
    },
    {
      "610": {
        "ind1": "2",
        "ind2": "7",
        "subfields": [
          {
            "a": "Harvard University."
          },
          {
            "b": "Graduate School of Business Administration."
          },
          {
            "2": "fast"
          },
          {
            "0": "(OCoLC)fst00532849"
          }
        ]
      }
    },
    {
      "655": {
        "ind1": "\\",
        "ind2": "7",
        "subfields": [
          {
            "a": "History."
          },
          {
            "2": "fast"
          },
          {
            "0": "(OCoLC)fst01411628"
          }
        ]
      }
    },
    {
      "994": {
        "ind1": "\\",
        "ind2": "\\",
        "subfields": [
          {
            "a": "Z0"
          },
          {
            "b": "NYRVC"
          }
        ]
      }
    },
    {
      "948": {
        "ind1": "\\",
        "ind2": "\\",
        "subfields": [
          {
            "h": "NO HOLDINGS IN NYRVC - 207 OTHER HOLDINGS"
          }
        ]
      }
    },
    {
      "999": {
        "ind1": "\\",
        "ind2": "\\",
        "subfields": [
          {
            "a": "00000000019683"
          }
        ]
      }
    },
    {
      "999": {
        "ind1": "\\",
        "ind2": "\\",
        "subfields": [
          {
            "a": "00000000019679"
          }
        ]
      }
    }
  ]
}